<?xml version="1.0" encoding="UTF-8"?><collection xmlns="http://www.loc.gov/MARC21/slim"><record><leader>00647nam--2200181-u-4500</leader><controlfield tag="001">000054437</controlfield><controlfield tag="002">20161230</controlfield><controlfield tag="005">20161230201051</controlfield><controlfield tag="008">111209s1000------------r-----000-0-fre-d</controlfield><datafield ind1=" " ind2=" " tag="040"><subfield code="a">IFIN-HH</subfield></datafield><datafield ind1=" " ind2=" " tag="041"><subfield code="a">fre</subfield></datafield><datafield ind1=" " ind2=" " tag="080"><subfield code="a">539.123:539.123.6:539.17.02(043)</subfield></datafield><datafield ind1="1" ind2=" " tag="100"><subfield code="a">Guyot, Claude</subfield></datafield><datafield ind1="1" ind2="0" tag="245"><subfield code="a">Determination du rappoert de la section efficace longitudinale sur la section efficace transversale dans les interactions a courant charge de neutrinos et d'antineutrinos sur nucleons entre 30 et 200 gev</subfield><subfield code="b">These</subfield><subfield code="c">Claude guyot</subfield></datafield><datafield ind1=" " ind2=" " tag="260"><subfield code="a">Paris</subfield><subfield code="b">Universite</subfield><subfield code="c">1981</subfield></datafield><datafield ind1=" " ind2=" " tag="300"><subfield code="a">/PAG.DIF.</subfield></datafield><datafield ind1=" " ind2=" " tag="852"><subfield code="a">70580</subfield><subfield code="c">539.12</subfield></datafield><datafield ind1=" " ind2=" " tag="CAT"><subfield code="a">Sys</subfield><subfield code="c">20111209</subfield><subfield code="h">095806</subfield></datafield></record></collection>